@misc{prtg,
  title={PRTG Network Monitor v21},
  author={Paessler},
  howpublished = "\url{https://www.br.paessler.com/prtg}",
  year={2021},
  note = "[Online; acessado em 23 de março]"
}

@misc{wireshark,
  title={Wireshark Docs},
  author={Wireshark},
  howpublished = "\url{https://www.wireshark.org/docs}",
  year={2021},
  note = "[Online; acessado em 23 de março]"
}

@misc{arp,
  title={What is Address Resolution Protocol (ARP)?},
  author={Fortinet},
  howpublished = "\url{https://www.fortinet.com/resources/cyberglossary/what-is-arp}",
  year={2021},
  note = "[Online; acessado em 23 de março]"
}

@misc{snmp,
  title={SNMP Protocol Basics},
  author={Fortinet},
  howpublished = "\url{https://www.manageengine.com/network-monitoring/what-is-snmp.html}",
  year={2021},
  note = "[Online; acessado em 23 de março]"
}